@Book{IEEE:830-1998,
    author      =   "{IEEE}",
    title       =   "{830-1998 IEEE Recommended Practice for Software 
                      Requirements Specifications}",
    pages       =   "1-40",
    publisher   =   "IEEE",
    address     =   "New York, NY, USA",
    year        =   "1998",
    bibdate     =   "Sun Sep 29 11:59:00 2013",
    URL         =   "http://ieeexplore.ieee.org/servlet/opac?punumber=5841"
}
